
// ###### CHESSBOARD LOCALIZATION ###### 

// ###### PIECE DETECTION ###### 

// ###### FEN ###### 
@misc{chess:fen,
    author = {Chess.com},
    title = {Forsyth-Edwards Notation (FEN)},
    year = 2024,
    url = {https://www.chess.com/terms/fen-chess},
    note = {Online; accessed 2025-06-28}
}

// ###### RETRIEVAL ###### 
@misc{chess:pgn,
  author = {Chess.com},
  title = {Portable Game Notation (PGN)},
  year = {2023},
  url = {https://www.chess.com/terms/chess-pgn},
  note = {Online; accessed 2025-06-28}
}

@article{retrieval:soa:ids,
  author = {Ganguly, Debasis and Leveling, Johannes and Jones, Gareth},
  year = {2014},
  month = {07},
  title = {Retrieval of similar chess positions},
  isbn = {978-1-4503-2257-7},
  doi = {10.1145/2600428.2609605},
  journal = {}
}

@misc{retrieval:lumbrasgigabase,
  author = {Lumbras},
  title = {LumbrasGigabase},
  year = {2025},
  url = {https://lumbrasgigabase.com},
  note = {Online; accessed 2025-05-12}
}

@misc{retrieval:scid,
  author = {SCID},
  title = {SCID},
  url = {https://scid.sourceforge.net/},
  note = {Online; accessed 2025-06-28}
}

@misc{retrieval:lichess:format,
  author = {Revoof},
  title = {Adapting nnue-pytorch's binary position format for Lichess},
  year = {2024},
  url = {https://lichess.org/@/revoof/blog/adapting-nnue-pytorchs-binary-position-format-for-lichess/cpeeAMeY},
  note = {Online; accessed 2025-06-28}
}

@article{retrieval:zobristhash,
  author = {Albert Zobrist },
  year = {1970},
  title = {A New Hashing Method with Application for Game Playing. Technical Report \#88},
  note = {ICCA Journal, Vol. 13, No. 2}
}

@ARTICLE{retrieval:hnsw,
  author={Malkov, Yu A. and Yashunin, D. A.},
  journal={IEEE Transactions on Pattern Analysis and Machine Intelligence}, 
  title={Efficient and Robust Approximate Nearest Neighbor Search Using Hierarchical Navigable Small World Graphs}, 
  year={2020},
  volume={42},
  number={4},
  pages={824-836},
  keywords={Routing;Complexity theory;Search problems;Data models;Approximation algorithms;Biological system modeling;Brain modeling;Graph and tree search strategies;artificial intelligence;information search and retrieval;information storage and retrieval;information technology and systems;search process;graphs and networks;data structures;nearest neighbor search;big data;approximate search;similarity search},
  doi={10.1109/TPAMI.2018.2889473}}
